@book{pressman,
    author    = "Roger S Pressman",
    title     = "Engenharia de Software",
    year      = "2006",
    publisher = "Mcgraw-hill Interamericana",
    address   = "Reading, Massachusetts",
    volume = "6"
}